<record><leader>00000cas a2200000 a 4500</leader><controlfield tag="001">10574502</controlfield><controlfield tag="008">840329d18uu187umouwr ne      0    0eng  </controlfield><datafield ind1=" " ind2=" " tag="010"><subfield code="a">sn 84020303 </subfield></datafield><datafield ind1=" " ind2=" " tag="040"><subfield code="a">DLC</subfield><subfield code="b">eng</subfield><subfield code="c">DLC</subfield><subfield code="d">NPX</subfield><subfield code="d">MQN</subfield><subfield code="d">NYS</subfield><subfield code="d">YOX</subfield><subfield code="d">KNP</subfield><subfield code="d">MGN</subfield><subfield code="d">MQN</subfield><subfield code="d">NVF</subfield><subfield code="d">OCL</subfield><subfield code="d">CRL</subfield><subfield code="d">CUI</subfield><subfield code="d">DLC</subfield><subfield code="d">OCLCQ</subfield><subfield code="d">OCLCF</subfield></datafield><datafield ind1="1" ind2=" " tag="029"><subfield code="a">AU@</subfield><subfield code="b">000003297178</subfield></datafield><datafield ind1=" " ind2=" " tag="042"><subfield code="a">pcc</subfield></datafield><datafield ind1=" " ind2=" " tag="043"><subfield code="a">n-us-mo</subfield></datafield><datafield ind1="0" ind2="0" tag="050"><subfield code="a">Newspaper</subfield></datafield><datafield ind1=" " ind2="4" tag="050"><subfield code="a">AN</subfield></datafield><datafield ind1="0" ind2="0" tag="245"><subfield code="a">Weekly Missouri Republican.</subfield></datafield><datafield ind1=" " ind2=" " tag="260"><subfield code="a">Saint Louis [Mo.] :</subfield><subfield code="b">Chambers &amp; Knapp</subfield></datafield><datafield ind1=" " ind2=" " tag="300"><subfield code="a">v. ;</subfield><subfield code="c">79 cm.</subfield></datafield><datafield ind1=" " ind2=" " tag="310"><subfield code="a">Weekly</subfield></datafield><datafield ind1=" " ind2=" " tag="515"><subfield code="a">Vol. 30, no. 12-29 misnumbered as v. 31, no. 12-29.</subfield></datafield><datafield ind1=" " ind2=" " tag="580"><subfield code="a">Triweekly ed.: Tri-weekly Missouri Republican, &lt;1844-1868&gt;.</subfield></datafield><datafield ind1=" " ind2=" " tag="580"><subfield code="a">Daily eds.: Daily Missouri Republican (Saint Louis, Mo. : 1837), &lt;1843&gt;-1869, and: Missouri Republican (Saint Louis, Mo. : 1869), 1869-&lt;1872&gt;.</subfield></datafield><datafield ind1=" " ind2=" " tag="588"><subfield code="a">Description based on: Vol. 22, no. 49 (Dec. 22, 1843).</subfield></datafield><datafield ind1=" " ind2="0" tag="651"><subfield code="a">Saint Louis (Mo.)</subfield><subfield code="v">Newspapers.</subfield></datafield><datafield ind1=" " ind2="7" tag="655"><subfield code="a">Newspapers.</subfield><subfield code="2">fast</subfield><subfield code="0">(OCoLC)fst01423814</subfield></datafield><datafield ind1=" " ind2="7" tag="651"><subfield code="a">Missouri</subfield><subfield code="z">Saint Louis.</subfield><subfield code="2">fast</subfield><subfield code="0">(OCoLC)fst01204930</subfield></datafield><datafield ind1=" " ind2=" " tag="752"><subfield code="a">United States</subfield><subfield code="b">Missouri</subfield><subfield code="d">Saint Louis.</subfield></datafield><datafield ind1="1" ind2=" " tag="775"><subfield code="t">Tri-weekly Missouri Republican</subfield><subfield code="w">(DLC)sn 83045770</subfield><subfield code="w">(OCoLC)9631265</subfield></datafield><datafield ind1="1" ind2=" " tag="775"><subfield code="t">Daily Missouri Republican (Saint Louis, Mo. : 1837)</subfield><subfield code="w">(DLC)sn 83045140</subfield><subfield code="w">(OCoLC)2251598</subfield></datafield><datafield ind1="1" ind2=" " tag="775"><subfield code="t">Missouri Republican (Saint Louis, Mo. : 1869)</subfield><subfield code="w">(DLC)sn 84020271</subfield><subfield code="w">(OCoLC)10527510</subfield></datafield><datafield ind1="0" ind2="0" tag="780"><subfield code="t">Missouri Republican for the country</subfield><subfield code="w">(DLC)sn 87052201</subfield><subfield code="w">(OCoLC)15205021</subfield></datafield><datafield ind1="0" ind2="0" tag="785"><subfield code="t">Missouri Republican (Saint Louis, Mo. : 1873)</subfield><subfield code="w">(DLC)sn 86079137</subfield><subfield code="w">(OCoLC)13485836</subfield></datafield></record>